@Book{Zeid2014,
  Title = {Mastering SolidWorks: The Design Approach},
  Author = {I. Zeid},
  Publisher = {Peachpit Press},
  Edition = {2nd},
  year = {2014}
}

@misc{Biomimic,
  title = {Biomimicry Institute},
  howpublished = {\url{https://biomimicry.org/}},
  note = {Acesso em: 07.07.2016}
}

